% Encoding: UTF-8

@TechReport{Rabin1981,
  author      = {Rabin, Michael O.},
  title       = {How to exchange secrets with oblivious transfer},
  institution = {Aiken Computation Lab, Harvard University},
  date        = {1981},
  number      = {TR-81},
  file        = {:1981_Rabin_How to Exchange Secrets with Oblivious Transfer.pdf:PDF},
  groups      = {SMPC},
}
